%% This BibTeX bibliography file was created using BibDesk.
%% http://bibdesk.sourceforge.net/
% Encoding: UTF-8

@online{modernGraphicsAPI,
  author = {丛越},
  title = {游戏引擎随笔0x05: 现代图形API讲义},
  year = 2019,
  note = {\href{https://zhuanlan.zhihu.com/p/73016473}{URL}},
  url = {https://zhuanlan.zhihu.com/p/73016473},
  urldate = {2019-10-13}
}

@online{deepIntoGPU,
author = {0向往0},
title = {深入GPU硬件架构及运行机制},
year = 2019,
note = {\href{https://www.cnblogs.com/timlly/p/11471507.html}{URL}},
url = {https://www.cnblogs.com/timlly/p/11471507.html},
urldata = {2019-09-06}
}

@online{renderingOpt,
author = {0向往0},
title = {移动游戏性能优化通用技法},
year = 2019,
note = {\href{https://www.cnblogs.com/timlly/p/10463467.html}{URL}},
url = {https://www.cnblogs.com/timlly/p/10463467.html},
urldata = {2019-09-03}
}

@book{hennessy_computer_nodate,
  author = {Hennessy, John L and Patterson, David A},
  year = {2011},
  title = {Computer architecture: a quantitative approach},
  edition = {5},
  url = {http://acs.pub.ro/~cpop/SMPA/Computer Architecture A Quantitative Approach (5th edition).pdf},
  note   = {\href{http://acs.pub.ro/~cpop/SMPA/Computer Architecture A Quantitative Approach (5th edition).pdf}{URL}}
}

@online{powerVR_int,
author = {PowerVR},
title = {Introduction to PowerVR for Developers},
note = {\href{https://docs.imgtec.com/Architecture_Guides/PowerVR_Architecture/topics/powervr_architecture_tile_based_deferred_rendering__tbdr.html}{URL}},
url = {https://docs.imgtec.com/Architecture_Guides/PowerVR_Architecture/topics/powervr_architecture_tile_based_deferred_rendering__tbdr.html}
}

@online{powerVR_opt_ch,
author = {topameng},
title = {PowerVR性能建议-黄金法则},
year = 2018,
note = {\href{https://zhuanlan.zhihu.com/p/93998160}{URL}},
url = {https://zhuanlan.zhihu.com/p/93998160}
}

@online{render_mode_comp,
author = {xiaocai},
title = {Tile-based 和 Full-screen 方式的 Rasterization 相比有什么优劣},
year = 2019,
note = {\href{https://www.zhihu.com/question/49141824}{URL}},
url = {https://www.zhihu.com/question/49141824}
}
